@article{Ethereum,
  author = {{Vitalik Buterin}},
  title = {A Next-Generation Smart Contract and Decentralized Application Platform},
}

@misc{Truffle,
  title = {Documentation - Truffle Suite},
  howpublished = {\url{https://truffleframework.com/docs}},
  note={[last accessed 05-August-2018]}
}

@misc{TruffleTest,
  title = {Testing your Contracts - Truffle Suite},
  howpublished = {\url{https://truffleframework.com/docs/getting_started/testing}},
  note={[last accessed 05-August-2018]}
}

@misc{Ganache,
  title = {Ganache - Truffle Suite},
  howpublished = {\url{https://truffleframework.com/ganache}},
  note={[last accessed 05-August-2018]}
}

@misc{OpenZeppelin,
  title = {OpenZeppelin},
  howpublished = {\url{https://openzeppelin.org/}},
  note={[last accessed 05-August-2018]}
}

@misc{OpenZeppelinGithub,
  title = {OpenZeppelin, a framework to build secure smart contracts on Ethereum},
  howpublished = {\url{https://github.com/OpenZeppelin/openzeppelin-solidity}},
  note={[last accessed 05-August-2018]}
}

@misc{MetaMask,
  title = {MetaMask},
  howpublished = {\url{https://metamask.io/}},
  note={[last accessed 05-August-2018]}
}

@misc{Rinkeby,
  title = {Rinkeby: Ethereum Testnet},
  howpublished = {\url{https://www.rinkeby.io/}},
  note={[last accessed 05-August-2018]}
}

@misc{Balsamiq,
  title = {Balsamiq},
  howpublished = {\url{https://balsamiq.com/}},
  note={[last accessed 05-August-2018]}
}

@misc{ERC721Summary,
  title = {ERC721 Summary - Github},
  howpublished = {\url{https://github.com/ethereum/EIPs/blob/master/EIPS/eip-721.md}},
  note={[last accessed 05-August-2018]}
}

@misc{React,
  title = {React - A JavaScript library for building user interfaces},
  howpublished = {\url{https://reactjs.org/}},
  note={[last accessed 09-August-2018]}
}

@misc{Webpack,
  title = {webpack},
  howpublished = {\url{https://webpack.js.org/}},
  note={[last accessed 09-August-2018]}
}

@misc{Redux,
  title = {Redux},
  howpublished = {\url{https://redux.js.org/}},
  note={[last accessed 09-August-2018]}
}

@misc{BlockchainBloating,
  title = {What is blockchain bloating},
  howpublished = {\url{https://nulltx.com/what-is-blockchain-bloat/}},
  note={[last accessed 05-August-2018]}
}

@article{nakamoto2008bitcoin,
  title={Bitcoin: A peer-to-peer electronic cash system},
  author={Nakamoto, Satoshi},
  year={2008},
  publisher={Working Paper}
}

@misc{lbry,
  title={Art in the Internet Age: An introduction to LBRY},
  howpublished="\url{https://lbry.io/what}",
  note={[last accessed 27-July-2018]}
}

@misc{CryptoKitties,
  title = {CryptoKitties},
  howpublished = {\url{https://www.cryptokitties.co/}},
  note={[last accessed 10-August-2018]}
}

@misc{Blockchain,
  title = {How does Blockchain work?},
  howpublished = {\url{https : / / www. ibm . com /
blockchain/what-is-blockchain.html}},
  note={[last accessed 09-August-2018]}
}

@misc{Application,
  title = {Blockchain and electronic health records?},
  howpublished = {\url{http://mcdonnell.mit.edu/Blockchain_ehr.pdf}},
  note={[last accessed 02-August-2018]}
}

@misc{Private,
  title = {Bitcoin security model: trust by computation?},
  howpublished = {\url{http://radar.oreilly.com/2014/02/bitcoin-security-model-trust-by-computation.html}},
  note={[last accessed 03-August-2018]}
}

@misc{PoW,
  title = {Bitcoin: A peer-to-peer electronic cash system.},
  howpublished = {\url{https://bitcoin.org/bitcoin.pdf}},
  note={[last accessed 03-August-2018]}
}

@misc{PoS,
  title = {What is proof of Stake?},
  howpublished = {\url{https://hackernoon.com/what-is-proof-of-stake-8e0433018256}},
  note={[last accessed 04-August-2018]}
}

@article{consensus,
  title={The blockchain phenomenon. the disruptive potential of distributed
consensus architectures.},
  author={Mattila, J.},
  year={2016},
  publisher={Working Paper}
}

@misc{SmartContracts,
  title = {Smart Contracts},
  howpublished = {\url{http://virtualschool.edu/mon/
Economics/SmartContracts.html}},
  note={[last accessed 05-August-2018]}
}

@misc{ERC721,
  title = {Anatomy of ERC721},
  howpublished = {\url{https://medium.com/crypto-currently/the-anatomy-of-erc721-e9db77abfc24}},
  note={[last accessed 10-August-2018]}
}

@misc{carVertical,
  title={carVertical},
  howpublished="\url{https://www.carvertical.com/}",
  note={[last accessed 15-August-2018]}
}

@misc{BitCar,
  title={BitCar},
  howpublished="\url{https://bitcar.io/}",
  note={[last accessed 15-August-2018]}
}

@misc{nickszabo1994smartcontract,
  title={Smart Contracts: Building Blocks for Digital Markets},
  howpublished="\url{http://www.fon.hum.uva.nl/rob/Courses/InformationInSpeech/CDROM/Literature/LOTwinterschool2006/szabo.best.vwh.net/smart_contracts_2.html}",
  note={[last accessed 26-July-2018]}
}

@misc{EOSWhitePaper,
  title={EOS.IO Technical White Paper v2},
  howpublished="\url{https://github.com/EOSIO/Documentation/blob/master/TechnicalWhitePaper.md}",
  note={[last accessed 05-August-2018]}
}

@misc{NeoWhitePaper,
  title={NEO White Paper},
  howpublished="\url{http://docs.neo.org/en-us/whitepaper.html}",
  note={[last accessed 05-August-2018]}
}
